<?xml version="1.0" encoding="UTF-8"?><collection xmlns="http://www.loc.gov/MARC21/slim"><record><leader>00342nam--2200121-i-4500</leader><controlfield tag="001">000018838</controlfield><controlfield tag="002">20161230</controlfield><controlfield tag="005">20161230201032</controlfield><controlfield tag="008">060222s1000------------r-----000-0-eng-d</controlfield><datafield ind1=" " ind2=" " tag="100"><subfield code="a">Fisher, Peter F. And Swindle, George F</subfield></datafield><datafield ind1=" " ind2=" " tag="245"><subfield code="a">Computer programming systems</subfield></datafield><datafield ind1=" " ind2=" " tag="260"><subfield code="a">New York, Holt, Rinehart And Winston, 1964. Xi + 643 P</subfield></datafield><datafield ind1=" " ind2=" " tag="852"><subfield code="a">22124</subfield></datafield></record></collection>